<?xml version="1.0" encoding="UTF-8"?><collection xmlns="http://www.loc.gov/MARC21/slim"><record><leader>00346nam--2200145-i-4500</leader><controlfield tag="001">000007978</controlfield><controlfield tag="002">20161230</controlfield><controlfield tag="005">20161230201027</controlfield><controlfield tag="008">060222s1000------------r-----000-0-eng-d</controlfield><datafield ind1=" " ind2=" " tag="080"><subfield code="a">537,525,5</subfield></datafield><datafield ind1=" " ind2=" " tag="100"><subfield code="a">Breton  Claude</subfield></datafield><datafield ind1=" " ind2=" " tag="245"><subfield code="a">Les arcs a cathode creuses</subfield></datafield><datafield ind1=" " ind2=" " tag="260"><subfield code="a">Saclay, 1967 2o P. + 8 Fig</subfield></datafield><datafield ind1=" " ind2=" " tag="490"><subfield code="a">Bibliographies</subfield></datafield><datafield ind1=" " ind2=" " tag="852"><subfield code="a">D.1021</subfield></datafield></record></collection>